@book{1,
author={Marshall Kirk McCusick and George V. Neville-Nei},
year={2015},
title={Design and Implementation of the FreeBSD Operating System, Second Edition},
publisher={Addison-Wesley.},
isbn={9780321968975}
}
@book{2,
author={Mark Russinovich, David Solomon and Alex Ionescu},
year={2012},
title={Windows Internals, Part 1, Sixth Edition},
publisher={Microsoft Press},
address={Seattle, WA},
pages={752},
isbn={9780735648739}
}
@book{3,
author={Mark Russinovich, David Solomon and Alex Ionescu},
year={2012},
title={Windows Internals, Part 2, Sixth Edition},
publisher={Microsoft Press},
address={Seattle, WA},
pages={752},
isbn={9780735648739}
}
@electronic{4,
  author        = {Wikipedia},
  title         = {Process (computing)},
  howpublished  = {internet},
  url           = {https://en.wikipedia.org/wiki/Process_(computing)},
  month         = {March},
  year          = {2018}
}
@electronic{5,
  author        = {Aarom Kili},
  title         = {All You Need To Know About Processes in Linux [Comprehensive Guide]},
  howpublished  = {internet},
  url           = {https://www.tecmint.com/linux-process-management/},
  month         = {March},
  year          = {2017}
}
@electronic{6,
  author        = {Wikipedia},
  title         = {Thread (computing)},
  howpublished  = {internet},
  url           = {https://en.wikipedia.org/wiki/Thread_(computing)},
  month         = {March},
  year          = {2018}
}
@electronic{7,
  author        = {Robert Love},
  title         = {The Linux Implementation of Threads},
  howpublished  = {internet},
  url           = {http://www.informit.com/articles/article.aspx?p=370047&seqNum=3},
  month         = {April},
  year          = {2005}
}
@mastersthesis{8,
  author        = {Nikita Ishkov},
  title         = {A complete guide to Linux process scheduling},
  school        = {University of Tampere},
  type          = {M. Eng. thesis},
  month         ={Feb},
  year          = {2015}
}
@electronic{9,
  author        = {Tech Target},
  title         = {Memory management)},
  howpublished  = {internet},
  url           = {https://whatis.techtarget.com/definition/memory-management},
  month         = {N/A},
  year          = {N/A}
}
@electronic{10,
  author        = {N/A},
  title         = {Memory management)},
  howpublished  = {internet},
  url           = {https://www.freebsd.org/doc/en/books/design-44bsd/overview-memory-management.html},
  month         = {N/A},
  year          = {N/A}
}
@electronic{11,
  author        = {David A Rusling},
  title         = {Memory management)},
  howpublished  = {internet},
  url           = {https://www.tldp.org/LDP/tlk/mm/memory.html},
  month         = {N/A},
  year          = {1999}
}

